<?xml version="1.0" encoding="UTF-8"?><record xmlns="http://www.loc.gov/MARC21/slim" xmlns:cinclude="http://apache.org/cocoon/include/1.0" xmlns:zs="http://www.loc.gov/zing/srw/">
  <leader>00755cz  a2200205n  4500</leader>
  <controlfield tag="001">nr 97044407 </controlfield>
  <controlfield tag="003">DLC</controlfield>
  <controlfield tag="005">20130314102634.0</controlfield>
  <controlfield tag="008">971212n| azannaabn          |a aaa     c</controlfield>
  <datafield tag="010" ind1=" " ind2=" ">
    <subfield code="a">nr 97044407 </subfield>
  </datafield>
  <datafield tag="035" ind1=" " ind2=" ">
    <subfield code="a">(OCoLC)oca04562121</subfield>
  </datafield>
  <datafield tag="040" ind1=" " ind2=" ">
    <subfield code="a">WaOLN</subfield>
    <subfield code="b">eng</subfield>
    <subfield code="e">rda</subfield>
    <subfield code="c">WaOLN</subfield>
    <subfield code="d">OCoLC</subfield>
    <subfield code="d">DLC</subfield>
  </datafield>
  <datafield tag="046" ind1=" " ind2=" ">
    <subfield code="f">1885</subfield>
  </datafield>
  <datafield tag="100" ind1="1" ind2=" ">
    <subfield code="a">Ferreira, Waldemar Martins,</subfield>
    <subfield code="d">1885-</subfield>
  </datafield>
  <datafield tag="400" ind1="1" ind2=" ">
    <subfield code="a">Ferreira, Valdemar Martins,</subfield>
    <subfield code="d">1885-</subfield>
  </datafield>
  <datafield tag="400" ind1="1" ind2=" ">
    <subfield code="w">nnea</subfield>
    <subfield code="a">Ferreira, Waldemar Martins,</subfield>
    <subfield code="d">b. 1885</subfield>
  </datafield>
  <datafield tag="400" ind1="1" ind2=" ">
    <subfield code="a">Martins Ferreira, Valdemar,</subfield>
    <subfield code="d">1885-</subfield>
  </datafield>
  <datafield tag="400" ind1="1" ind2=" ">
    <subfield code="a">Martins Ferreira, Waldemar,</subfield>
    <subfield code="d">1885-</subfield>
  </datafield>
  <datafield tag="670" ind1=" " ind2=" ">
    <subfield code="a">LC in RLIN, Dec. 11, 1997:</subfield>
    <subfield code="b">(MLC hdg.: Ferreira, Waldemar Martins, 1885-; MLC usage: Waldemar Martins Ferreira)</subfield>
  </datafield>
  <datafield tag="670" ind1=" " ind2=" ">
    <subfield code="a">Estudos de direito commercial, 1919:</subfield>
    <subfield code="b">t.p. (Waldemar Ferreira)</subfield>
  </datafield>
</record>